
   <record>
      <leader>00000nz  a2200000nc 4500</leader>
      <controlfield tag="001">institutions/30004064</controlfield>
      <controlfield tag="003">DE-633</controlfield>
      <controlfield tag="005">20250620052027.0</controlfield>
      <controlfield tag="008">161109||||z|||a|||||||||||||||||n||||||d</controlfield>
      <datafield tag="024" ind1="7" ind2=" ">
         <subfield code="a">HR-Zao</subfield>
         <subfield code="q">siglum</subfield>
         <subfield code="2">rism</subfield>
      </datafield>
      <datafield tag="034" ind1="1" ind2=" ">
         <subfield code="d">15.974998</subfield>
         <subfield code="f">45.818061</subfield>
      </datafield>
      <datafield tag="040" ind1=" " ind2=" ">
         <subfield code="a">DE-633</subfield>
         <subfield code="c">DE-633</subfield>
         <subfield code="e">rismg</subfield>
      </datafield>
      <datafield tag="043" ind1=" " ind2=" ">
         <subfield code="c">XA-HR</subfield>
      </datafield>
      <datafield tag="110" ind1="1" ind2=" ">
         <subfield code="a">Hrvatska akademija znanosti i umjetnosti, Odsjek za povijest hrvatske glazbe</subfield>
         <subfield code="c">Zagreb</subfield>
         <subfield code="g">HR-Zao</subfield>
      </datafield>
      <datafield tag="368" ind1=" " ind2=" ">
         <subfield code="a">Institution</subfield>
         <subfield code="a">Library</subfield>
         <subfield code="a">Other</subfield>
      </datafield>
      <datafield tag="371" ind1=" " ind2=" ">
         <subfield code="a">Opatička 18</subfield>
         <subfield code="b">Zagreb</subfield>
         <subfield code="d">Croatia</subfield>
         <subfield code="e">10000</subfield>
         <subfield code="m">glazba@hazu.hr</subfield>
         <subfield code="u">http://info.hazu.hr/en/about_academy/units/the_division_for_the_history_of_croatian_music/</subfield>
         <subfield code="u">http://info.hazu.hr/hr/o-akademiji/jedinice/odsjek_za_povijest_hrvatske_glazbe/</subfield>
         <subfield code="z">tel: +385 / (0)1 / 4895322</subfield>
      </datafield>
      <datafield tag="410" ind1=" " ind2=" ">
         <subfield code="a">Croatian Academy of Sciences and Arts, Department for the History of Croatian Music</subfield>
      </datafield>
      <datafield tag="410" ind1=" " ind2=" ">
         <subfield code="a">Zavod za muzikološka istraživanja IC JAZU</subfield>
      </datafield>
      <datafield tag="410" ind1=" " ind2=" ">
         <subfield code="a">Zavod za povijest hrvatske glazbe HAZU</subfield>
      </datafield>
      <datafield tag="551" ind1="1" ind2=" ">
         <subfield code="a">Zagreb</subfield>
         <subfield code="0">places/3901774</subfield>
      </datafield>
      <datafield tag="667" ind1=" " ind2=" ">
         <subfield code="a">Published sources: 181</subfield>
      </datafield>
   </record>