
   <record>
      <leader>00000nz  a2200000nc 4500</leader>
      <controlfield tag="001">institutions/51006589</controlfield>
      <controlfield tag="003">DE-633</controlfield>
      <controlfield tag="005">20250620052309.0</controlfield>
      <controlfield tag="008">220629||||z|||a|||||||||||||||||n||||||d</controlfield>
      <datafield tag="024" ind1="7" ind2=" ">
         <subfield code="a">305601832</subfield>
         <subfield code="2">VIAF</subfield>
      </datafield>
      <datafield tag="024" ind1="7" ind2=" ">
         <subfield code="a">Q17440978</subfield>
         <subfield code="2">WKP</subfield>
      </datafield>
      <datafield tag="024" ind1="7" ind2=" ">
         <subfield code="a">HR-Zgk</subfield>
         <subfield code="q">siglum</subfield>
         <subfield code="2">rism</subfield>
      </datafield>
      <datafield tag="034" ind1="1" ind2=" ">
         <subfield code="d">15.977910610241437</subfield>
         <subfield code="f">45.805810364471796</subfield>
      </datafield>
      <datafield tag="040" ind1=" " ind2=" ">
         <subfield code="a">DE-633</subfield>
         <subfield code="c">DE-633</subfield>
         <subfield code="e">rismg</subfield>
      </datafield>
      <datafield tag="043" ind1=" " ind2=" ">
         <subfield code="c">XA-HR</subfield>
      </datafield>
      <datafield tag="110" ind1="1" ind2=" ">
         <subfield code="a">Gradska knjižnica - Zbirka Rara</subfield>
         <subfield code="c">Zagreb</subfield>
         <subfield code="g">HR-Zgk</subfield>
      </datafield>
      <datafield tag="368" ind1=" " ind2=" ">
         <subfield code="a">Institution</subfield>
         <subfield code="a">Library</subfield>
      </datafield>
      <datafield tag="371" ind1=" " ind2=" ">
         <subfield code="a">Starčevićev trg 6</subfield>
         <subfield code="b">10000 Zagreb</subfield>
         <subfield code="d">Croatia</subfield>
         <subfield code="m">davor.ferkovic@kgz.hr</subfield>
         <subfield code="u">https://www.kgz.hr/hr/knjiznice/gradska-knjiznica-zbirka-rara/837</subfield>
         <subfield code="z">tel: + 385 / 1 4694 340</subfield>
      </datafield>
      <datafield tag="410" ind1=" " ind2=" ">
         <subfield code="a">Knjižnice grada Zagreba</subfield>
      </datafield>
      <datafield tag="510" ind1="2" ind2=" ">
         <subfield code="a">City Library - Collection of Rare books</subfield>
      </datafield>
      <datafield tag="551" ind1="1" ind2=" ">
         <subfield code="a">Zagreb</subfield>
         <subfield code="0">places/3901774</subfield>
      </datafield>
   </record>