
   <record>
      <leader>00000nz  a2200000nc 4500</leader>
      <controlfield tag="001">institutions/51001745</controlfield>
      <controlfield tag="003">DE-633</controlfield>
      <controlfield tag="005">20250620052240.0</controlfield>
      <controlfield tag="008">180731||||z|||a|||||||||||||||||n||||||d</controlfield>
      <datafield tag="024" ind1="7" ind2=" ">
         <subfield code="a">132823648</subfield>
         <subfield code="2">VIAF</subfield>
      </datafield>
      <datafield tag="024" ind1="7" ind2=" ">
         <subfield code="a">HR-Zmk</subfield>
         <subfield code="q">siglum</subfield>
         <subfield code="2">rism</subfield>
      </datafield>
      <datafield tag="040" ind1=" " ind2=" ">
         <subfield code="a">DE-633</subfield>
         <subfield code="c">DE-633</subfield>
         <subfield code="e">rismg</subfield>
      </datafield>
      <datafield tag="043" ind1=" " ind2=" ">
         <subfield code="c">XA-HR</subfield>
      </datafield>
      <datafield tag="110" ind1="1" ind2=" ">
         <subfield code="a">Metropolitanska knjižnica</subfield>
         <subfield code="c">Zagreb</subfield>
         <subfield code="g">HR-Zmk</subfield>
      </datafield>
      <datafield tag="368" ind1=" " ind2=" ">
         <subfield code="a">Institution</subfield>
         <subfield code="a">Library</subfield>
      </datafield>
      <datafield tag="371" ind1=" " ind2=" ">
         <subfield code="a">Kaptol 31</subfield>
         <subfield code="b">Zagreb</subfield>
         <subfield code="d">Croatia</subfield>
         <subfield code="e">10 000</subfield>
         <subfield code="m">tiskovni@zg-nadbiskupija.hr</subfield>
         <subfield code="u">http://www.zg-nadbiskupija.hr/ucilista/metropolitanska-knjiznica</subfield>
         <subfield code="z">tel: +385 / (0)1 / 4894 878</subfield>
      </datafield>
      <datafield tag="551" ind1="1" ind2=" ">
         <subfield code="a">Zagreb</subfield>
         <subfield code="0">places/3901774</subfield>
      </datafield>
   </record>